<?xml version="1.0" encoding="UTF-8"?><record xmlns="http://www.loc.gov/MARC21/slim" xmlns:cinclude="http://apache.org/cocoon/include/1.0" xmlns:zs="http://www.loc.gov/zing/srw/">
  <leader>00574cz  a2200169n  4500</leader>
  <controlfield tag="001">n 2009049575</controlfield>
  <controlfield tag="003">DLC</controlfield>
  <controlfield tag="005">20090808075030.0</controlfield>
  <controlfield tag="008">090807n| acannaabn          |a ana      </controlfield>
  <datafield tag="010" ind1=" " ind2=" ">
    <subfield code="a">n 2009049575</subfield>
  </datafield>
  <datafield tag="040" ind1=" " ind2=" ">
    <subfield code="a">DLC</subfield>
    <subfield code="b">eng</subfield>
    <subfield code="c">DLC</subfield>
  </datafield>
  <datafield tag="043" ind1=" " ind2=" ">
    <subfield code="a">s-bl---</subfield>
  </datafield>
  <datafield tag="151" ind1=" " ind2=" ">
    <subfield code="a">Alto Uruguai (Brazil)</subfield>
  </datafield>
  <datafield tag="451" ind1=" " ind2=" ">
    <subfield code="a">Alto Uruguay (Brazil)</subfield>
  </datafield>
  <datafield tag="670" ind1=" " ind2=" ">
    <subfield code="a">Piran, Nedio. Agricultura familiar, 2001:</subfield>
    <subfield code="b">t.p. (Alto Uruguai)</subfield>
  </datafield>
  <datafield tag="670" ind1=" " ind2=" ">
    <subfield code="a">GEOnet, Aug. 7, 2009:</subfield>
    <subfield code="b">(Alto Uruguai (Brazil); variant: Alto Uruguay; PPL; 27° 18' 00" S, 054° 08' 00" W; ADM1 Rio Grande do Sul; )</subfield>
  </datafield>
  <datafield tag="781" ind1=" " ind2="0">
    <subfield code="z">Brazil</subfield>
    <subfield code="z">Alto Uruguai</subfield>
  </datafield>
</record>